4780 5597
865 633 1312 742 lentesque
1359 645 1726 734 corpore
1785 621 2069 710 lenam
2133 613 2528 744 venistis,
2602 621 2701 702 ut
2756 613 3181 732 ingenium
3242 615 3747 714 excoleretis
3768 639 3845 735 ,ἣ
3882 643 4047 708 uno
4110 629 4395 716 omnes
4490 727 4506 734 ,

877 807 1028 872 ore
1114 767 1598 866 confitemini
1613 836 1640 890 ,
1715 769 2318 872 iucundiffimos
2379 775 2605 857 vitae
2684 765 3007 856 vestrae
3084 793 3345 856 annos
3424 767 3590 861 sine
3664 773 3831 858 ullo
3908 775 4432 900 valetudinis·

875 930 1376 1023 incommodo
1459 935 1603 1014 aut
1687 927 2164 1044 detrimento
2223 929 2312 1012 in
2389 925 2548 1009 hac
2608 917 2773 1008 effe
2833 923 3045 1012 urbe
3108 927 3483 1012 exactos.
3586 929 3793 1042 Ego
3852 929 4179 1040 quidem
4234 957 4395 1021 au·-

873 1089 1044 1176 divi
1113 1075 1580 1196 complures
1597 1139 1624 1192 .,
1705 1089 1792 1168 et
1845 1076 2064 1192 ipsos
2145 1079 2353 1166 adeo
2417 1074 2659 1164 senes
2679 1136 2706 1192 ‚
2778 1079 2896 1164 ita
2953 1074 3179 1192 loqui
3262 1075 3366 1162 de
3443 1074 3791 1167 lenensi.
3841 1102 4009 1167 non
4090 1090 4395 1176 tantum

881 1241 1326 1330 Academia
1344 1298 1371 1350 ,
1405 1325 1428 1336 „
1449 1259 1742 1322 verum
1823 1237 2068 1320 etiam
2123 1235 2483 1347 regione
2544 1236 2631 1315 et
2688 1231 2925 1344 urbe,
2982 1236 3077 1314 ut
3130 1251 3440 1345 magno
3498 1233 3584 1314 in
3640 1232 3849 1318 haec
3910 1234 4093 1318 loca
4110 1295 4136 1348 ‚
4198 1261 4255 1320 a
4308 1237 4401 1344 se

732 1385 749 1396 ’
877 1393 1176 1479 dudum
1231 1368 1566 1502 relicta,
1641 1383 1893 1474 studio
1955 1383 2481 1470 inflammatos
2542 1377 2710 1468 ell'e
2768 1389 3263 1497 appareret,
3341 1389 3429 1469 et
3502 1387 3591 1470 in
3644 1380 3833 1495 ipfis
3894 1384 4391 1498 loquentium

881 1545 1144 1632 oculis
1227 1543 1474 1626 ardor
1531 1541 1882 1652 ,quidam
1935 1539 2324 1624 iuvenilis
2385 1539 2687 1646 amoris
2778 1506 3169 1623 eluceret.
3284 1531 3623 1641 Poll'unt
3700 1541 3941 1624 etiam
3996 1541 4158 1628 alia
4231 1544 4393 1632 hu-

878 1704 1014 1785 ius
1049 1697 1402 1811 generis
1443 1687 1892 1779 accusatori
1931 1690 2443 1802 populariter
2482 1691 2809 1798 opponi.
2868 1689 3195 1780 Etenim
3252 1691 3441 1801 quis
3497 1687 3689 1776 sana
3748 1673 4020 1779 mente
4058 1699 4397 1807 praedi-

875 1859 1017 1936 tus
1061 1847 1348 1934 credat
1385 1842 1564 1932 fieri
1615 1867 1992 1956 umquam
2050 1837 2418 1955 potuiffe,
2472 1848 2567 1927 ut
2624 1843 2769 1928 tali
2798 1843 2885 1928 in
2940 1843 3174 1956 urbe,
3231 1841 3551 1956 qualem
3604 1847 4119 1962 peregrinus
4160 1851 4387 1960 quis-

881 2005 1096 2112 piam
1155 2023 1270 2085 ex
1330 1965 1664 2084 Weiffii
1726 1991 2265 2108 descriptione
2323 1989 2465 2080 fibi
2520 1991 2783 2108 fingat
2834 1989 3162 2092 necess'e
3221 1991 3357 2107 est,
3422 1991 3831 2083 Goethius
3888 2000 4177 2108 plures
4220 2023 4389 2088 uno

881 2176 1219 2266 quoque
1259 2172 1473 2235 anno
1530 2145 1850 2238 menses
1869 2210 1902 2259 ,
1940 2150 2084 2234 vel
2143 2143 2679 2260 requiescens
2736 2169 2793 2230 a
2844 2146 3154 2262 labore,
3212 2147 3357 2234 vel
3413 2149 3776 2236 laborem
3812 2149 4165 2238 litterato
4226 2157 4391 2242 otio

871 2305 1302 2414 condiens7
1349 2297 1658 2426 summa
1717 2324 1906 2388 cum
1941 2279 2366 2408 voluptate
2404 2305 3114 2414 ‘commoraretur3
3166 2306 3263 2412 ut
3300 2297 3763 2400 Schillerus
3806 2307 3893 2390 in
3950 2327 4059 2390 ea
4094 2303 4385 2393 hortos

875 2453 1015 2542 fibi
1053 2463 1368 2542 emeret
1385 2511 1412 2566 ‚
1465 2457 1553 2539 in
1593 2455 1890 2567 quibus
1941 2447 2315 2538 Goethio
2373 2445 2519 2536 suo
2568 2455 2906 2577 iunctus
2944 2449 3203 2538 Mufis
3238 2453 3551 2568 litaret3
3616 2462 3715 2539 ut
3770 2455 4234 2542 Knebelius
4295 2467 4383 2546 et
4463 2423 4474 2428 ’

875 2604 1201 2694 Voffius
1221 2665 1248 2718 ,
1327 2605 1643 2692 relictis
1701 2609 1806 2692 iis
1865 2605 2204 2692 urbibus
2219 2661 2250 2716 ,
2309 2605 2399 2690 in
2456 2605 2757 2715 quibus
2816 2605 3233 2690 commode
3300 2599 3777 2692 habitail'ent
3797 2665 3823 2718 ‚
3902 2630 4005 2692 ac
4084 2619 4387 2700 neuter

733 2826 748 2837 .
877 2760 1201 2873 quidem
1258 2760 1422 2847 ullo
1463 2761 1830 2845 muneris
1892 2755 2246 2845 vinculo·
2278 2755 2535 2843 lenae
2588 2749 3044 2870 adstrictus,
3060 2757 3467 2869 proprias
3506 2753 3646 2845 fibi
3680 2758 3935 2847 aedes
3978 2759 4118 2850 hic
4156 2733 4395 2851 com-⁶

872 2911 1332 3025 pararent?
1389 2914 1608 2996 Num
1661 2910 1776 2999 illi
1836 2912 2088 3023 atque
2143 2880 2773 2995 innumerabiles
2838 2908 3003 3014 alii,
3050 2912 3195 3021 qui
3234 2903 3583 2996 nostram
3616 2914 3905 3016 urbem
3944 2917 4385 3005 maioribus

867 3074 960 3155 et
999 3065 1592 3153 celebrioribus
1653 3058 2312 3177 anteposuerunt,
2369 3060 2579 3149 adeo
2638 3054 2885 3149 fuere
2939 3058 3485 3173 socordes,·ut
3540 3065 3774 3152 urbis
3806 3062 4047 3151 litum.
4087 3072 4387 3184 regio-

869 3220 1176 3331 nisque
1233 3219 1636 3303 rationem
1693 3214 1894 3303 nihil
1951 3210 2412 3302 curarent?
2470 3212 2655 3303 Sed
2710 3214 2923 3301 haec
2982 3216 3223 3301 nimis
3282 3212 3673 3329 vulgaria
3727 3213 3933 3302 sunt.
4010 3190 4385 3307 Praestat

879 3366 1412 3458 auctoritates
1471 3364 1787 3455 afferre
1845 3364 2388 3477 medicorum,⁴
2462 3368 2611 3479 qui
2662 3372 2897 3453 tanto
2956 3368 3339 3452 maiorem
3394 3364 3555 3451 hac
3610 3370 3701 3453 in
3752 3392 3857 3455 re
3910 3356 4147 3455 fidem
4207 3394 4389 3461 me-

871 3530 1164 3609 rentur
1181 3582 1208 3636 ,
1284 3543 1534 3633 quum
1549 3580 1578 3633 ,
1653 3524 1982 3607 nemine
2055 3510 2224 3605 non
2309 3519 2821 3604 concedente
2837 3576 2866 3629 ‚
2966 3512 3357 3631 lingulati
3436 3518 3855 3607 oculorum
3930 3524 4023 3610 et
4094 3527 4389 3611 mentis

753 3676 762 3683 ’
871 3676 1052 3761 acie
1111 3670 1512 3787 instructi,
1595 3672 1702 3757 ad
1777 3669 2264 3761 observandi
2344 3670 2851 3784 diligentiam
2932 3668 3459 3791 plurimorum
3520 3696 3919 3759 annorum
3980 3668 4205 3759 usum
4261 3684 4393 3769 at-

869 3847 1038 3938 que
1105 3828 1700 3934 experientiam
1781 3824 2325 3909 adiunxerint.
2454 3822 2573 3905 Io.
2654 3816 3193 3907 Christianum
3264 3821 3681 3911 Starkium
3745 3826 3836 3909 II
3898 3826 4079 3911 dico
4093 3884 4122 3939 7
4199 3837 4391 3916 ante
4552 3790 4599 3848 ²

867 3978 1174 4088 aliquot
1253 3972 1552 4067 annos
1600 3976 1906 4059 acerba
1983 3974 2222 4061 nobis
2303 3980 2566 4058 morte
2646 3972 3103 4082 ademptum
3120 4014 3177 4087 ,-
3226 3982 3315 4057 et
3394 3970 3612 4059 Guil.
3698 3972 4083 4063 carolum
4158 3979 4460 4066 Frid.''

863 4102 1414 4243 Succovium',
1496 4151 1739 4240 quem
1817 4126 2206 4241 collegae
2287 4120 2786 4233 superstitem
2862 4122 3105 4243 Deus
3187 4122 3693 4214 Academiae
3756 4094 4087 4215 ‘nostrae
4148 4154 4389 4242 quam

865 4275 1282 4369 diutiffinie
1342 4278 1802 4367 conservet.
1863 4278 2008 4403 Hi„
2039 4277 2473 4390 duumviri,
2528 4271 2825 4360 scholis
2888 4276 3203 4361 clinicis
3285 4278 3506 4385 apud
3580 4305 3739 4367 nos
3796 4281 4123 4391 publice
4182 4306 4387 4371 con-

767 4466 774 4473 ·
863 4432 1154 4520 stitutis
1219 4432 1652 4555 praefecti,
1717 4434 1822 4517 de
1882 4456 2008 4545 re,
2066 4454 2310 4543 quam
2369 4410 2868 4548 quaerimus²
2926 4426 3141 4515 hauc
3180 4420 3653 4517 sententiam
3708 4433 4245 4543 prodiderunt
4262 4436 4387 4543 Ἲς

1027 4635 1104 4711 6)
1172 4636 1797 4727 ΗζβονὶῙοῙιοιοροςν.
1855 4630 2299 4720 Taschenbuch
2341 4654 2469 4698 von
2513 4632 2667 4703 Iena
2704 4656 2771 4703 μ.
2802 4628 3015 4722 [einer
3053 4631 3463 4719 Vmgebungz
3515 4636 4020 4721 hernusgegeben
4058 4660 4181 4701 von
4230 4592 4379 4702 LUC.

866 4738 1120 4804 Zenlser
1181 4738 1349 4849 (Ῑξη.
1399 4739 1591 4822 :8562
1629 4740 1700 4819 8)
1745 4760 1817 4825 p·
1867 4734 2012 4800 106·
