4780 5597
2321 427 2429 448 —
2632 388 2733 470 16
2932 427 3039 450 ·-
3356 383 3365 396 ’

1161 605 1298 694 De
1358 595 1808 716 opificibus
1867 595 2064 713 qnid
2123 595 2380 683 dicam
2398 657 2425 712 ,
2482 618 2697 708 quos
2716 657 2744 711 ,
2820 603 3109 708 parato
3170 603 3607 711 utcumque
3682 600 3954 714 victu,
4034 623 4203 688 non
4258 625 4459 694 an-

926 733 1180 872 plius*
1203 760 1438 842 vires
1499 776 1932 864 exercere,
1989 772 2427 860 curasque.
2478 755 2565 834 et
2618 750 2953 836 labores
3008 747 3329 866 fugere
3392 775 3675 838 omnes
3758 751 4165 878 Weissins
4226 779 4437 843 eon-

869 1017 896 1034 *
923 912 1182 998 tendit
1201 908 1247 992 ἓ
1304 907 1674 992 Puderet
1707 929 1864 989 nos
1903 907 2435 1018 pigeretque,
2472 904 2689 1025 inter
2734 897 3133 989 eiusmodi
3182 904 3559 990 homines
3602 909 3853 991 vitam
3892 929 4187 1020 agere,
4233 901 4293 992 fi
4328 905 4439 994 ad

929 1087 1223 1150 omnes
1284 1063 1443 1144 hoc
1518 1061 1997 1167 pertineret
2071 1053 2647 1166 opprobrium:
2762 1049 2877 1142 fin
2958 1055 3061 1140 ad
3138 1057 3571 1144 nonnullos
3588 1039 3645 1170 ,⁹
3714 1053 3829 1142 lin
3911 1058 4018 1142 ad
4090 1081 4439 1170 paucos,

925 1235 1206 1333 grave
1263 1211 1458 1294 illud
1515 1209 1842 1320 quidem,
1899 1203 2033 1320 est,
2087 1204 2230 1292 sed
2287 1230 2457 1293 non
2510 1205 2699 1332 tale,
2759 1207 3186 1317 opinamur
3204 1265 3231 1321 ,
3288 1207 3509 1320 quod
3562 1207 4019 1296 universae·
4056 1213 4247 1298 urbi
4302 1179 4463 1298 in-¹

929 1369 1228 1454 vidiam
1285 1359 1648 1448 conflare
1731 1359 1954 1470 apud
2023 1360 2479 1469 prudentes
2556 1333 2831 1471 ponit,
2918 1357 3062 1448 nifi
3118 1365 3305 1471 quis
3366 1357 3585 1448 forte
3644 1363 3974 1476 urbem,
4034 1373 4443 1479 magnam,

923 1541 1294 1632 parvam,
1347 1519 1608 1626 norit,
1665 1517 1754 1597 in
1811 1537 1972 1623 qua
2031 1535 2198 1598 non
2253 1489 2525 1598 fimilia
2586 1513 2690 1598 de
2748 1514 3177 1600 nonnullis
3235 1511 3659 1624 opificibus
3720 1519 4053 1606 narrari
4098 1523 4435 1628 queant,

927 1673 1226 1783 quibus
1287 1645 1353 1753 si·
1405 1663 1992 1786 differtationes
2049 1666 2567 1750 academicas
2624 1666 2965 1777 implere
3023 1665 3371 1780 placeat,
3430 1665 3755 1778 copiosa
3812 1663 4191 1776 profecto
4232 1691 4441 1754 can-

931 1825 1230 1920 didatis
1285 1779 1692 1906 scribendi
1747 1820 2086 1904 materia
2141 1811 2725 1926 suppeditetur.
2786 1819 2901 1904 Et
2956 1815 3295 1904 fuerunt
3352 1820 3575 1928 apud
3628 1845 3787 1906 nos
3804 1879 3831 1932 ,
3888 1827 4140 1930 atque
4197 1823 4443 1906 etiam

929 2001 1152 2081 nunc
1208 1971 1390 2059 sunt
1435 1948 1816 2082 opifices,
1875 1993 2088 2080 quos
2148 1971 2463 2056 rectius
2542 1965 2903 2056 artifices
2964 1972 3341 2081 appelles
3358 2031 3385 2085 ,
3466 1974 3609 2082 qui
3687 1967 3986 2062 affiduo
4040 1967 4295 2056 studio
4356 1979 4447 2058 et

891 2130 1336 2240 'pertinaci
1392 2124 1678 2209 labore
1759 2145 1942 2208 eam
2013 2117 2154 2206 fibi
2228 2129 2917 2232 comparaverunt
2978 2128 3185 2208 artis
3242 2127 3657 2237 peritiam,
3738 2131 4067 2235 tamque
4132 2123 4444 2234 affabre

926 2279 1153 2368 facta
1213 2299 1516 2388 opera,
1575 2275 1866 2389 lignea
1921 2275 2314 2384 imprimis
2375 2281 2463 2358 et
2520 2295 2823 2387 aerea,
2904 2275 3517 2390 produxerunt,
3576 2283 3669 2362 ut
3720 2275 4037 2364 Divus
4084 2272 4441 2364 Carolus

929 2425 1394 2546 Augustus,
1429 2451 1622 2550 qua
1681 2433 1867 2513 erat
1925 2435 2014 2512 et
2067 2426 2563 2512 humanitate
2622 2431 2709 2512 et
2767 2413 3093 2510 artium
3114 2449 3319 2512 cura
3334 2485 3361 2540 ,
3418 2451 3587 2515 non
3642 2453 3837 2514 raro
3902 2423 4291 2514 officinas
4333 2427 4439 2512 il-

743 2690 750 2698 ,
927 2586 1194 2668 lorum
1249 2576 1662 2692 inviseret,
1722 2585 2166 2688 operantes
2223 2577 2625 2664 landmdo
2686 2585 2775 2664 et
2830 2578 3227 2663 hortando
3288 2584 3734 2695 excitaret,
3810 2575 3999 2690 ipfis
4062 2577 4475 2691 deniqne,

877 2759 1150 2849 ,quae
1206 2729 1752 2846 perfecill'ent,
1807 2731 2202 2842 operibus
2261 2726 2937 2841 splendidiffimam
3018 2754 3298 2819 arcem
3380 2729 3602 2819 suam
3620 2792 3647 2848 ,
3726 2754 3943 2844 quae
4021 2734 4441 2819 vimariae

933 2884 1091 3001 est,
1175 2887 1733 2973 condecorare
1807 2906 1976 2969 non
2057 2883 2679 3000 dedignaretur.
2780 2881 2969 2994 Ipse
3023 2881 3195 2969 sum
3254 2870 3507 2971 iuss'us
3585 2886 3963 2980 comitari
4034 2910 4221 2975 eum
4284 2882 4441 2969 ali-

931 3043 1306 3153 quoties,
1343 3059 1594 3148 quum
1651 3036 1818 3123 tale
1853 3059 2092 3145 opus
2151 3058 2322 3121 non
2375 3031 2539 3147 fibi,
2600 3030 2743 3123 fed
2798 3039 3039 3151 Regi
3094 3035 3621 3133 Borufforum
3640 3098 3671 3147 ,
3734 3028 3883 3125 cui'
3928 3036 4143 3123 forte
4201 3033 4439 3123 fimile

929 3194 1354 3281 vimariae
1437 3185 1696 3275 visum
1777 3188 2026 3273 valde
2109 3184 2527 3301 placuissfet
2543 3248 2573 3302 ,
2648 3212 2705 3275 a
2760 3181 2997 3276 fabro
3072 3196 3399 3321 aerario
3417 3250 3445 3304 ,
3540 3187 4021 3307 solertiffimo
4097 3189 4445 3300 homine,

929 3328 1468 3459 procuraret,
1545 3336 1632 3427 et
1691 3366 1854 3454 quo
1917 3340 2152 3425 modo
2208 3337 2797 3455 fabricaretur,
2878 3344 2969 3427 in
3046 3338 3368 3428 officina
3448 3334 3907 3454 inspiceret.
3950 3388 4057 3418 ·.-
4162 3342 4487 3427 Haec-.
4670 3363 4679 3379 ’

905 3501 1120 3584 cine
1183 3518 1396 3583 vero
1459 3491 1675 3599 effici
1729 3488 2048 3603 poss'unt
2104 3494 2212 3579 ab
2267 3491 2753 3606 hominibus,
2812 3494 3107 3603 quales
3164 3494 3305 3581 ille
3386 3495 3841 3610 depinxit,
3874 3497 4212 3609 pigritia
4268 3499 4449 3581 tor-

935 3651 1347 3760 pentibus,
1407 3648 1784 3732 culturae
1845 3646 2356 3757 expertibus,
2416 3648 2563 3755 qui
2613 3640 3081 3755 limulatque
3138 3650 3367 3734 vitae
3448 3644 4050 3735 neceffitatibus
4134 3651 4450 3732 utcum-

939 3814 1106 3913 que
1169 3797 1764 3909 prospexerint,
1823 3800 2058 3881 vires
2119 3770 2314 3881 fuas
2373 3818 2541 3883 non
2598 3796 2943 3908 amplius
3016 3775 3535 3889 exerceant?
3596 3846 3705 3863 —-
3726 3796 4027 3900 Quos
4084 3794 4443 3909 denique

933 3954 1174 4039 nobis
1231 3956 1518 4035 narrat
1571 3945 1941 4035 homines
1963 4007 1989 4060 ,
2067 3950 2212 4061 qui
2293 3950 2591 4056 inopes
2656 3948 2769 4035 ad
2844 3947 3185 4075 hospitia
3259 3952 3589 4063 publica
3642 3948 3734 4074 [ε
3788 3952 4230 4062 recipiant,
4302 3952 4446 4061 qui

926 4109 1486 4220 'aegrotantes
1533 4104 2016 4217 ⁴gratuitum
2093 4100 2481 4185 auxilium
2552 4103 2658 4188 ab
2714 4098 3087 4189 institutis
3171 4102 3487 4188 clinicis
3566 4066 3863 4189 summa
3935 4099 4187 4212 saepe
4258 4124 4447 4187 cum
4498 4156 4525 4173 x

827 4266 832 4271 ’
871 4373 878 4380 .
939 4256 1447 4367 impudentia
1500 4248 1918 4365 postulent,
1976 4258 2228 4363 atque
2284 4253 2372 4337 in
2431 4248 2843 4360 peffimum
2921 4251 3147 4341 usum
3225 4255 3779 4343 convertant?
3858 4258 4001 4341 Ex
4052 4253 4217 4337 hoc
4270 4276 4445 4369 ge-

937 4432 1150 4499 nere
1212 4396 1514 4535 oppi'do
1571 4430 1894 4517 paucos
1951 4400 2122 4491 effe
2138 4463 2165 4518 ,
2245 4426 2569 4515 eosque
2645 4429 2815 4493 non
2894 4426 3009 4491 ex
3090 4400 3333 4495 claffo
3391 4411 3693 4494 civium
3712 4468 3739 4521 ,
3815 4401 3955 4491 sed
4016 4404 4121 4489 de
4178 4402 4445 4492 infima
4630 4448 4637 4455 ·

942 4563 1212 4674 plebe,
1271 4558 1940 4671 percontantibus
1997 4557 2235 4643 nobis
2295 4552 2757 4668 responsum
2816 4550 2952 4647 est.
3036 4554 3449 4649 Postremo
3506 4560 3703 4675 quid
3755 4546 3949 4646 illud
4008 4552 4162 4669 est,
4224 4556 4444 4669 quod
