<?xml version="1.0" encoding="UTF-8"?>
<!DOCTYPE html PUBLIC "-//W3C//DTD XHTML 1.0 Transitional//EN"
    "http://www.w3.org/TR/xhtml1/DTD/xhtml1-transitional.dtd">
<html xmlns="http://www.w3.org/1999/xhtml" xml:lang="en" lang="en">
 <head>
  <title>
</title>
<meta http-equiv="Content-Type" content="text/html;charset=utf-8" />
  <meta name='ocr-system' content='tesseract 3.04.00' />
  <meta name='ocr-capabilities' content='ocr_page ocr_carea ocr_par ocr_line ocrx_word'/>
</head>
<body>
  <div class='ocr_page' id='page_1' title='image "./apologiaurbiset00eichgoog_0015.png"; bbox 0 0 4780 5597; ppageno 0'>
   <div class='ocr_carea' id='block_1_1' title="bbox 2303 383 3015 468">
    <p class='ocr_par' dir='ltr' id='par_1_1' title="bbox 2303 383 3015 468">
     <span class='ocr_line' id='line_1_1' title="bbox 2303 383 3015 468; baseline 0.017 -24"><span class='ocrx_word' id='word_1_1' title='bbox 2303 383 3015 468; x_wconf 65' lang='lat'><strong>-14-</strong></span> 
     </span>
    </p>
   </div>
   <div class='ocr_carea' id='block_1_2' title="bbox 806 554 4441 1910">
    <p class='ocr_par' dir='ltr' id='par_1_2' title="bbox 806 554 4441 1910">
     <span class='ocr_line' id='line_1_2' title="bbox 900 554 4414 716; baseline 0.002 -30"><span class='ocrx_word' id='word_1_2' title='bbox 900 554 1438 716; x_wconf 76' lang='lat' dir='ltr'><strong>quamquam,</strong></span> <span class='ocrx_word' id='word_1_3' title='bbox 1513 601 1608 679; x_wconf 89' lang='lat' dir='ltr'><strong>ut</strong></span> <span class='ocrx_word' id='word_1_4' title='bbox 1685 585 1868 680; x_wconf 84' lang='lat' dir='ltr'><strong>sunt</strong></span> <span class='ocrx_word' id='word_1_5' title='bbox 1943 591 2314 678; x_wconf 89' lang='lat' dir='ltr'><strong>homines</strong></span> <span class='ocrx_word' id='word_1_6' title='bbox 2396 586 2791 702; x_wconf 75' lang='lat' dir='ltr'><strong>simplices</strong></span> <span class='ocrx_word' id='word_1_7' title='bbox 2808 649 2837 705; x_wconf 82' lang='lat'>,</span> <span class='ocrx_word' id='word_1_8' title='bbox 2916 591 3577 680; x_wconf 68' lang='lat' dir='ltr'><strong>verberationem</strong></span> <span class='ocrx_word' id='word_1_9' title='bbox 3660 595 3909 680; x_wconf 80' lang='lat' dir='ltr'><strong>tacito</strong></span> <span class='ocrx_word' id='word_1_10' title='bbox 3992 597 4414 699; x_wconf 74' lang='lat' dir='ltr'><strong>dumtaxat</strong></span> 
     </span>
     <span class='ocr_line' id='line_1_3' title="bbox 905 741 4435 869; baseline 0 -29"><span class='ocrx_word' id='word_1_11' title='bbox 905 753 1432 869; x_wconf 77' lang='lat' dir='ltr'><strong>cogitationis</strong></span> <span class='ocrx_word' id='word_1_12' title='bbox 1493 749 1870 835; x_wconf 82' lang='lat' dir='ltr'><strong>convicio</strong></span> <span class='ocrx_word' id='word_1_13' title='bbox 1928 741 2441 830; x_wconf 80' lang='lat' dir='ltr'><strong>ulciscentur.</strong></span> <span class='ocrx_word' id='word_1_14' title='bbox 2508 743 2899 857; x_wconf 69' lang='lat' dir='ltr'><strong>Accedit,</strong></span> <span class='ocrx_word' id='word_1_15' title='bbox 2977 741 3205 856; x_wconf 87' lang='lat' dir='ltr'><strong>quod</strong></span> <span class='ocrx_word' id='word_1_16' title='bbox 3258 749 3346 830; x_wconf 91' lang='lat' dir='ltr'><strong>in</strong></span> <span class='ocrx_word' id='word_1_17' title='bbox 3402 746 3563 832; x_wconf 72' lang='lat' dir='ltr'><strong>hac</strong></span> <span class='ocrx_word' id='word_1_18' title='bbox 3618 769 3898 834; x_wconf 84' lang='lat' dir='ltr'><strong>rerum</strong></span> <span class='ocrx_word' id='word_1_19' title='bbox 3958 747 4435 848; x_wconf 69' lang='lat' dir='ltr'><strong>rusticarum·</strong></span> 
     </span>
     <span class='ocr_line' id='line_1_4' title="bbox 909 886 4441 1022; baseline 0.001 -31"><span class='ocrx_word' id='word_1_20' title='bbox 909 901 1254 992; x_wconf 77' lang='lat' dir='ltr'><strong>censura</strong></span> <span class='ocrx_word' id='word_1_21' title='bbox 1355 893 1522 990; x_wconf 77' lang='lat' dir='ltr'><strong>non</strong></span> <span class='ocrx_word' id='word_1_22' title='bbox 1602 923 1871 1009; x_wconf 87' lang='lat' dir='ltr'><strong>pauca</strong></span> <span class='ocrx_word' id='word_1_23' title='bbox 1951 893 2196 982; x_wconf 71' lang='lat' dir='ltr'><strong>omisit</strong></span> <span class='ocrx_word' id='word_1_24' title='bbox 2209 955 2236 1011; x_wconf 59' lang='lat'><strong>7</strong></span> <span class='ocrx_word' id='word_1_25' title='bbox 2337 919 2557 1007; x_wconf 88' lang='lat' dir='ltr'><strong>quae</strong></span> <span class='ocrx_word' id='word_1_26' title='bbox 2644 897 3037 1005; x_wconf 88' lang='lat' dir='ltr'><strong>imprimis</strong></span> <span class='ocrx_word' id='word_1_27' title='bbox 3141 886 3803 984; x_wconf 73' lang='lat' dir='ltr'><strong>commendabilia</strong></span> <span class='ocrx_word' id='word_1_28' title='bbox 3874 900 4101 1017; x_wconf 81' lang='lat' dir='ltr'><strong>sunt,</strong></span> <span class='ocrx_word' id='word_1_29' title='bbox 4184 909 4441 1022; x_wconf 71' lang='lat' dir='ltr'><strong>velut,</strong></span> 
     </span>
     <span class='ocr_line' id='line_1_5' title="bbox 905 1045 4437 1174; baseline 0.001 -32"><span class='ocrx_word' id='word_1_30' title='bbox 905 1081 1150 1172; x_wconf 83' lang='lat' dir='ltr'><strong>quam</strong></span> <span class='ocrx_word' id='word_1_31' title='bbox 1205 1052 1456 1164; x_wconf 84' lang='lat' dir='ltr'><strong>supra</strong></span> <span class='ocrx_word' id='word_1_32' title='bbox 1514 1055 1801 1168; x_wconf 77' lang='lat' dir='ltr'><strong>attigi,</strong></span> <span class='ocrx_word' id='word_1_33' title='bbox 1877 1056 2312 1158; x_wconf 82' lang='lat' dir='ltr'><strong>vinearum</strong></span> <span class='ocrx_word' id='word_1_34' title='bbox 2392 1047 2835 1161; x_wconf 81' lang='lat' dir='ltr'><strong>culturam,</strong></span> <span class='ocrx_word' id='word_1_35' title='bbox 2916 1045 3455 1160; x_wconf 86' lang='lat' dir='ltr'><strong>frequentem</strong></span> <span class='ocrx_word' id='word_1_36' title='bbox 3514 1056 3601 1139; x_wconf 90' lang='lat' dir='ltr'><strong>in</strong></span> <span class='ocrx_word' id='word_1_37' title='bbox 3658 1051 3976 1140; x_wconf 74' lang='lat' dir='ltr'><strong>lenensi</strong></span> <span class='ocrx_word' id='word_1_38' title='bbox 4050 1063 4437 1174; x_wconf 77' lang='lat' dir='ltr'><strong>regione,</strong></span> 
     </span>
     <span class='ocr_line' id='line_1_6' title="bbox 907 1169 4437 1321; baseline 0 -25"><span class='ocrx_word' id='word_1_39' title='bbox 907 1219 992 1296; x_wconf 89' lang='lat' dir='ltr'><strong>et</strong></span> <span class='ocrx_word' id='word_1_40' title='bbox 1038 1209 1286 1294; x_wconf 88' lang='lat' dir='ltr'><strong>multo</strong></span> <span class='ocrx_word' id='word_1_41' title='bbox 1330 1201 1804 1316; x_wconf 41' lang='lat' dir='ltr'><strong>‚nostratium</strong></span> <span class='ocrx_word' id='word_1_42' title='bbox 1861 1199 2116 1290; x_wconf 75' lang='lat' dir='ltr'><strong>studio</strong></span> <span class='ocrx_word' id='word_1_43' title='bbox 2173 1203 2280 1287; x_wconf 87' lang='lat' dir='ltr'><strong>ad</strong></span> <span class='ocrx_word' id='word_1_44' title='bbox 2340 1213 2529 1287; x_wconf 85' lang='lat' dir='ltr'><strong>enm</strong></span> <span class='ocrx_word' id='word_1_45' title='bbox 2584 1197 3143 1312; x_wconf 85' lang='lat' dir='ltr'><strong>perfectionis</strong></span> <span class='ocrx_word' id='word_1_46' title='bbox 3208 1201 3567 1317; x_wconf 81' lang='lat' dir='ltr'><strong>gradum</strong></span> <span class='ocrx_word' id='word_1_47' title='bbox 3626 1169 4073 1321; x_wconf 72' lang='lat' dir='ltr'><strong>adductam,</strong></span> <span class='ocrx_word' id='word_1_48' title='bbox 4128 1217 4225 1296; x_wconf 88' lang='lat' dir='ltr'><strong>ut</strong></span> <span class='ocrx_word' id='word_1_49' title='bbox 4278 1216 4437 1302; x_wconf 70' lang='lat' dir='ltr'><strong>iam</strong></span> 
     </span>
     <span class='ocr_line' id='line_1_7' title="bbox 907 1333 4437 1472; baseline -0.001 -25"><span class='ocrx_word' id='word_1_50' title='bbox 907 1341 1096 1472; x_wconf 81' lang='lat' dir='ltr'><strong>non,</strong></span> <span class='ocrx_word' id='word_1_51' title='bbox 1155 1357 1352 1446; x_wconf 84' lang='lat' dir='ltr'><strong>ficut</strong></span> <span class='ocrx_word' id='word_1_52' title='bbox 1408 1359 1764 1445; x_wconf 62' lang='lat' dir='ltr'><strong>liutheri</strong></span> <span class='ocrx_word' id='word_1_53' title='bbox 1829 1363 1914 1442; x_wconf 88' lang='lat' dir='ltr'><strong>et</strong></span> <span class='ocrx_word' id='word_1_54' title='bbox 1967 1353 2635 1442; x_wconf 87' lang='lat' dir='ltr'><strong>Melanchthonis</strong></span> <span class='ocrx_word' id='word_1_55' title='bbox 2682 1333 2987 1467; x_wconf 81' lang='lat' dir='ltr'><strong>aetate,</strong></span> <span class='ocrx_word' id='word_1_56' title='bbox 3044 1345 3269 1440; x_wconf 78' lang='lat' dir='ltr'><strong>vites</strong></span> <span class='ocrx_word' id='word_1_57' title='bbox 3328 1355 3723 1442; x_wconf 74' lang='lat' dir='ltr'><strong>lonenses</strong></span> <span class='ocrx_word' id='word_1_58' title='bbox 3782 1371 4111 1444; x_wconf 80' lang='lat' dir='ltr'><strong>merum</strong></span> <span class='ocrx_word' id='word_1_59' title='bbox 4166 1364 4437 1454; x_wconf 70' lang='lat' dir='ltr'><strong>lacri-</strong></span> 
     </span>
     <span class='ocr_line' id='line_1_8' title="bbox 907 1505 4437 1624; baseline 0.001 -24"><span class='ocrx_word' id='word_1_60' title='bbox 907 1517 1254 1600; x_wconf 71' lang='lat' dir='ltr'><strong>mentm</strong></span> <span class='ocrx_word' id='word_1_61' title='bbox 1319 1518 1666 1594; x_wconf 78' lang='lat' dir='ltr'><strong>acetum</strong></span> <span class='ocrx_word' id='word_1_62' title='bbox 1683 1569 1709 1622; x_wconf 81' lang='lat'>‚</span> <span class='ocrx_word' id='word_1_63' title='bbox 1785 1505 1928 1594; x_wconf 89' lang='lat' dir='ltr'><strong>sed</strong></span> <span class='ocrx_word' id='word_1_64' title='bbox 1976 1508 2322 1619; x_wconf 85' lang='lat' dir='ltr'><strong>probum</strong></span> <span class='ocrx_word' id='word_1_65' title='bbox 2379 1510 2658 1592; x_wconf 83' lang='lat' dir='ltr'><strong>vinum</strong></span> <span class='ocrx_word' id='word_1_66' title='bbox 2716 1508 3172 1618; x_wconf 86' lang='lat' dir='ltr'><strong>praebeant</strong></span> <span class='ocrx_word' id='word_1_67' title='bbox 3188 1567 3214 1620; x_wconf 84' lang='lat'><strong>.,</strong></span> <span class='ocrx_word' id='word_1_68' title='bbox 3274 1509 3495 1618; x_wconf 89' lang='lat' dir='ltr'><strong>quod</strong></span> <span class='ocrx_word' id='word_1_69' title='bbox 3550 1535 4149 1624; x_wconf 76' lang='lat' dir='ltr'><strong>nonnumquam</strong></span> <span class='ocrx_word' id='word_1_70' title='bbox 4228 1517 4437 1608; x_wconf 83' lang='lat' dir='ltr'><strong>adeo</strong></span> 
     </span>
     <span class='ocr_line' id='line_1_9' title="bbox 806 1653 4437 1790; baseline 0.001 -39"><span class='ocrx_word' id='word_1_71' title='bbox 806 1725 816 1730; x_wconf 88' lang='lat'>-</span> <span class='ocrx_word' id='word_1_72' title='bbox 904 1657 1272 1752; x_wconf 80' lang='lat' dir='ltr'><strong>fefellisse</strong></span> <span class='ocrx_word' id='word_1_73' title='bbox 1329 1661 1598 1748; x_wconf 86' lang='lat' dir='ltr'><strong>fertur</strong></span> <span class='ocrx_word' id='word_1_74' title='bbox 1659 1661 1980 1746; x_wconf 87' lang='lat' dir='ltr'><strong>erudita</strong></span> <span class='ocrx_word' id='word_1_75' title='bbox 2045 1660 2368 1790; x_wconf 79' lang='lat' dir='ltr'><strong>palata3</strong></span> <span class='ocrx_word' id='word_1_76' title='bbox 2450 1653 2697 1742; x_wconf 75' lang='lat' dir='ltr'><strong>omisit</strong></span> <span class='ocrx_word' id='word_1_77' title='bbox 2774 1661 3017 1744; x_wconf 86' lang='lat' dir='ltr'><strong>etiam</strong></span> <span class='ocrx_word' id='word_1_78' title='bbox 3104 1657 3599 1774; x_wconf 65' lang='lat' dir='ltr'><strong>largissimos</strong></span> <span class='ocrx_word' id='word_1_79' title='bbox 3664 1660 3989 1752; x_wconf 82' lang='lat' dir='ltr'><strong>fructus</strong></span> <span class='ocrx_word' id='word_1_80' title='bbox 4010 1725 4037 1778; x_wconf 84' lang='lat'>‚</span> <span class='ocrx_word' id='word_1_81' title='bbox 4094 1672 4239 1778; x_wconf 88' lang='lat' dir='ltr'><strong>qui</strong></span> <span class='ocrx_word' id='word_1_82' title='bbox 4294 1675 4437 1764; x_wconf 86' lang='lat' dir='ltr'><strong>rei·</strong></span> 
     </span>
     <span class='ocr_line' id='line_1_10' title="bbox 903 1793 4439 1910; baseline 0.002 -7"><span class='ocrx_word' id='word_1_83' title='bbox 903 1812 1250 1904; x_wconf 82' lang='lat' dir='ltr'><strong>rusticae</strong></span> <span class='ocrx_word' id='word_1_84' title='bbox 1312 1813 1602 1900; x_wconf 87' lang='lat' dir='ltr'><strong>melius</strong></span> <span class='ocrx_word' id='word_1_85' title='bbox 1680 1809 2210 1900; x_wconf 77' lang='lat' dir='ltr'><strong>instituendae</strong></span> <span class='ocrx_word' id='word_1_86' title='bbox 2271 1819 2360 1897; x_wconf 89' lang='lat' dir='ltr'><strong>et</strong></span> <span class='ocrx_word' id='word_1_87' title='bbox 2436 1811 2717 1896; x_wconf 85' lang='lat' dir='ltr'><strong>utilius</strong></span> <span class='ocrx_word' id='word_1_88' title='bbox 2799 1793 3459 1900; x_wconf 78' lang='lat' dir='ltr'><strong>administrandae</strong></span> <span class='ocrx_word' id='word_1_89' title='bbox 3540 1811 3655 1901; x_wconf 86' lang='lat' dir='ltr'><strong>ex</strong></span> <span class='ocrx_word' id='word_1_90' title='bbox 3730 1811 4003 1902; x_wconf 78' lang='lat' dir='ltr'><strong>schola</strong></span> <span class='ocrx_word' id='word_1_91' title='bbox 4076 1828 4439 1910; x_wconf 83' lang='lat' dir='ltr'><strong>oecono&#39;-</strong></span> 
     </span>
    </p>
   </div>
   <div class='ocr_carea' id='block_1_3' title="bbox 906 1951 4537 2082">
    <p class='ocr_par' dir='ltr' id='par_1_3' title="bbox 906 1951 4537 2082">
     <span class='ocr_line' id='line_1_11' title="bbox 906 1951 4537 2082; baseline 0.003 -28"><span class='ocrx_word' id='word_1_92' title='bbox 906 1971 1114 2054; x_wconf 86' lang='lat' dir='ltr'><strong>mica</strong></span> <span class='ocrx_word' id='word_1_93' title='bbox 1133 2028 1158 2080; x_wconf 77' lang='lat'>‚</span> <span class='ocrx_word' id='word_1_94' title='bbox 1215 1969 1502 2056; x_wconf 76' lang='lat' dir='ltr'><strong>,lenae</strong></span> <span class='ocrx_word' id='word_1_95' title='bbox 1581 1967 1905 2053; x_wconf 88' lang='lat' dir='ltr'><strong>condita</strong></span> <span class='ocrx_word' id='word_1_96' title='bbox 1922 2024 1948 2077; x_wconf 82' lang='lat'>‚</span> <span class='ocrx_word' id='word_1_97' title='bbox 2029 1971 2116 2050; x_wconf 87' lang='lat' dir='ltr'><strong>et</strong></span> <span class='ocrx_word' id='word_1_98' title='bbox 2169 1987 2409 2062; x_wconf 71' lang='lat' dir='ltr'><strong>‚nunc</strong></span> <span class='ocrx_word' id='word_1_99' title='bbox 2489 1967 3035 2079; x_wconf 76' lang='lat' dir='ltr'><strong>proveniunt,</strong></span> <span class='ocrx_word' id='word_1_100' title='bbox 3114 1973 3201 2051; x_wconf 88' lang='lat' dir='ltr'><strong>et</strong></span> <span class='ocrx_word' id='word_1_101' title='bbox 3278 1963 3767 2075; x_wconf 84' lang='lat' dir='ltr'><strong>inposterum</strong></span> <span class='ocrx_word' id='word_1_102' title='bbox 3784 2027 3811 2080; x_wconf 77' lang='lat'>,</span> <span class='ocrx_word' id='word_1_103' title='bbox 3894 1976 4114 2082; x_wconf 88' lang='lat' dir='ltr'><strong>-quis</strong></span> <span class='ocrx_word' id='word_1_104' title='bbox 4194 1973 4439 2067; x_wconf 72' lang='lat' dir='ltr'><strong>dubi-I</strong></span> <span class='ocrx_word' id='word_1_105' title='bbox 4502 1951 4537 1960; x_wconf 43' lang='lat'><strong>⁸</strong></span> 
     </span>
    </p>
   </div>
   <div class='ocr_carea' id='block_1_4' title="bbox 783 2115 4438 2662">
    <p class='ocr_par' dir='ltr' id='par_1_4' title="bbox 783 2115 4438 2662">
     <span class='ocr_line' id='line_1_12' title="bbox 783 2115 4438 2237; baseline 0.001 -30"><span class='ocrx_word' id='word_1_106' title='bbox 783 2126 790 2134; x_wconf 84' lang='lat'><em>&#39;</em></span> <span class='ocrx_word' id='word_1_107' title='bbox 901 2129 1022 2207; x_wconf 86' lang='lat' dir='ltr'><strong>tet</strong></span> <span class='ocrx_word' id='word_1_108' title='bbox 1047 2121 1096 2204; x_wconf 68' lang='lat'><strong><em>2</em></strong></span> <span class='ocrx_word' id='word_1_109' title='bbox 1195 2122 1338 2204; x_wconf 89' lang='lat' dir='ltr'><strong>ubi</strong></span> <span class='ocrx_word' id='word_1_110' title='bbox 1399 2123 1586 2204; x_wconf 89' lang='lat' dir='ltr'><strong>eius</strong></span> <span class='ocrx_word' id='word_1_111' title='bbox 1645 2119 1866 2202; x_wconf 83' lang='lat' dir='ltr'><strong>bona</strong></span> <span class='ocrx_word' id='word_1_112' title='bbox 1919 2121 2006 2202; x_wconf 83' lang='lat' dir='ltr'><strong>in</strong></span> <span class='ocrx_word' id='word_1_113' title='bbox 2061 2115 2354 2226; x_wconf 85' lang='lat' dir='ltr'><strong>plures</strong></span> <span class='ocrx_word' id='word_1_114' title='bbox 2439 2137 2719 2229; x_wconf 80' lang='lat' dir='ltr'><strong>pagos</strong></span> <span class='ocrx_word' id='word_1_115' title='bbox 2736 2173 2763 2228; x_wconf 83' lang='lat'>,</span> <span class='ocrx_word' id='word_1_116' title='bbox 2858 2115 3117 2200; x_wconf 86' lang='lat' dir='ltr'><strong>veluti</strong></span> <span class='ocrx_word' id='word_1_117' title='bbox 3194 2118 3563 2204; x_wconf 87' lang='lat' dir='ltr'><strong>colonias</strong></span> <span class='ocrx_word' id='word_1_118' title='bbox 3582 2179 3609 2230; x_wconf 77' lang='lat'><strong>‚</strong></span> <span class='ocrx_word' id='word_1_119' title='bbox 3689 2120 4041 2208; x_wconf 84' lang='lat' dir='ltr'><strong>deducta</strong></span> <span class='ocrx_word' id='word_1_120' title='bbox 4108 2121 4438 2237; x_wconf 73' lang='lat' dir='ltr'><strong>fuerint,</strong></span> 
     </span>
     <span class='ocr_line' id='line_1_13' title="bbox 910 2263 4431 2384; baseline 0.002 -28"><span class='ocrx_word' id='word_1_121' title='bbox 910 2263 1426 2384; x_wconf 83' lang='lat' dir='ltr'><strong>proventura</strong></span> <span class='ocrx_word' id='word_1_122' title='bbox 1486 2266 1710 2356; x_wconf 88' lang='lat' dir='ltr'><strong>sunt.</strong></span> <span class='ocrx_word' id='word_1_123' title='bbox 1791 2271 2146 2380; x_wconf 83' lang='lat' dir='ltr'><strong>denique</strong></span> <span class='ocrx_word' id='word_1_124' title='bbox 2230 2263 2478 2354; x_wconf 71' lang='lat' dir='ltr'><strong>omitit</strong></span> <span class='ocrx_word' id='word_1_125' title='bbox 2531 2267 2970 2380; x_wconf 83' lang='lat' dir='ltr'><strong>utilitates,</strong></span> <span class='ocrx_word' id='word_1_126' title='bbox 3052 2291 3267 2380; x_wconf 84' lang='lat' dir='ltr'><strong>quas</strong></span> <span class='ocrx_word' id='word_1_127' title='bbox 3347 2275 3591 2357; x_wconf 88' lang='lat' dir='ltr'><strong>etiam</strong></span> <span class='ocrx_word' id='word_1_128' title='bbox 3664 2269 3935 2360; x_wconf 83' lang='lat' dir='ltr'><strong>rustici</strong></span> <span class='ocrx_word' id='word_1_129' title='bbox 4016 2300 4131 2364; x_wconf 83' lang='lat' dir='ltr'><strong>ex</strong></span> <span class='ocrx_word' id='word_1_130' title='bbox 4210 2275 4431 2364; x_wconf 77' lang='lat' dir='ltr'><strong>insti-</strong></span> 
     </span>
     <span class='ocr_line' id='line_1_14' title="bbox 895 2415 4431 2542; baseline 0.002 -31"><span class='ocrx_word' id='word_1_131' title='bbox 895 2429 1072 2511; x_wconf 88' lang='lat' dir='ltr'><strong>tuto</strong></span> <span class='ocrx_word' id='word_1_132' title='bbox 1129 2426 1636 2508; x_wconf 85' lang='lat' dir='ltr'><strong>veterinario</strong></span> <span class='ocrx_word' id='word_1_133' title='bbox 1695 2425 2055 2534; x_wconf 72' lang='lat' dir='ltr'><strong>capiunt,</strong></span> <span class='ocrx_word' id='word_1_134' title='bbox 2115 2427 2350 2508; x_wconf 88' lang='lat' dir='ltr'><strong>certe</strong></span> <span class='ocrx_word' id='word_1_135' title='bbox 2388 2442 2701 2530; x_wconf 83' lang='lat' dir='ltr'><strong>capere</strong></span> <span class='ocrx_word' id='word_1_136' title='bbox 2759 2415 3117 2533; x_wconf 83' lang='lat' dir='ltr'><strong>poss&#39;unt,</strong></span> <span class='ocrx_word' id='word_1_137' title='bbox 3175 2445 3343 2534; x_wconf 87' lang='lat' dir='ltr'><strong>quo</strong></span> <span class='ocrx_word' id='word_1_138' title='bbox 3404 2423 3843 2537; x_wconf 84' lang='lat' dir='ltr'><strong>Principes</strong></span> <span class='ocrx_word' id='word_1_139' title='bbox 3900 2423 4143 2514; x_wconf 82' lang='lat' dir='ltr'><strong>nostri</strong></span> <span class='ocrx_word' id='word_1_140' title='bbox 4178 2453 4431 2542; x_wconf 76' lang='lat' dir='ltr'><strong>prae-</strong></span> 
     </span>
     <span class='ocr_line' id='line_1_15' title="bbox 895 2571 3283 2662; baseline -0.001 0"><span class='ocrx_word' id='word_1_141' title='bbox 895 2577 1206 2662; x_wconf 82' lang='lat' dir='ltr'><strong>clarum</strong></span> <span class='ocrx_word' id='word_1_142' title='bbox 1265 2577 1524 2660; x_wconf 88' lang='lat' dir='ltr'><strong>rebus</strong></span> <span class='ocrx_word' id='word_1_143' title='bbox 1570 2575 2072 2661; x_wconf 76' lang='lat' dir='ltr'><strong>academicis</strong></span> <span class='ocrx_word' id='word_1_144' title='bbox 2133 2577 2722 2658; x_wconf 88' lang='lat' dir='ltr'><strong>incrementum</strong></span> <span class='ocrx_word' id='word_1_145' title='bbox 2782 2571 3283 2660; x_wconf 83' lang='lat' dir='ltr'><strong>addiderunt.</strong></span> 
     </span>
    </p>
   </div>
   <div class='ocr_carea' id='block_1_5' title="bbox 1139 2718 4423 2875">
    <p class='ocr_par' dir='ltr' id='par_1_5' title="bbox 1139 2718 4423 2875">
     <span class='ocr_line' id='line_1_16' title="bbox 1139 2718 4423 2875; baseline 0.004 -61"><span class='ocrx_word' id='word_1_146' title='bbox 1139 2727 1500 2814; x_wconf 76' lang='lat' dir='ltr'><strong>Tantum</strong></span> <span class='ocrx_word' id='word_1_147' title='bbox 1559 2727 1664 2814; x_wconf 91' lang='lat' dir='ltr'><strong>de</strong></span> <span class='ocrx_word' id='word_1_148' title='bbox 1725 2721 2046 2813; x_wconf 81' lang='lat' dir='ltr'><strong>rusticis</strong></span> <span class='ocrx_word' id='word_1_149' title='bbox 2107 2721 2607 2817; x_wconf 85' lang='lat' dir='ltr'><strong>lenenfibus.</strong></span> <span class='ocrx_word' id='word_1_150' title='bbox 2666 2723 3262 2840; x_wconf 79' lang='lat' dir='ltr'><strong>Brevioribus,</strong></span> <span class='ocrx_word' id='word_1_151' title='bbox 3322 2718 3463 2845; x_wconf 81' lang='lat' dir='ltr'><strong>sed</strong></span> <span class='ocrx_word' id='word_1_152' title='bbox 3520 2753 3797 2852; x_wconf 82' lang='lat' dir='ltr'><strong>paene</strong></span> <span class='ocrx_word' id='word_1_153' title='bbox 3878 2725 4423 2875; x_wconf 63' lang='lat' dir='ltr'><strong>infestioribus</strong></span> 
     </span>
    </p>
   </div>
   <div class='ocr_carea' id='block_1_6' title="bbox 899 2871 4559 2998">
    <p class='ocr_par' dir='ltr' id='par_1_6' title="bbox 899 2871 4559 2998">
     <span class='ocr_line' id='line_1_17' title="bbox 899 2871 4559 2998; baseline -0.001 -33"><span class='ocrx_word' id='word_1_154' title='bbox 899 2878 1088 2968; x_wconf 83' lang='lat' dir='ltr'><strong>telis</strong></span> <span class='ocrx_word' id='word_1_155' title='bbox 1151 2882 1282 2966; x_wconf 91' lang='lat' dir='ltr'>W</span> <span class='ocrx_word' id='word_1_156' title='bbox 1299 2878 1600 2966; x_wconf 84' lang='lat' dir='ltr'><strong>eiffius</strong></span> <span class='ocrx_word' id='word_1_157' title='bbox 1637 2880 1976 2964; x_wconf 71' lang='lat' dir='ltr'><strong>incolas</strong></span> <span class='ocrx_word' id='word_1_158' title='bbox 2039 2874 2301 2995; x_wconf 68' lang='lat' dir='ltr'><strong>ipsius</strong></span> <span class='ocrx_word' id='word_1_159' title='bbox 2356 2871 2609 2961; x_wconf 77' lang='lat' dir='ltr'><strong>urbis</strong></span> <span class='ocrx_word' id='word_1_160' title='bbox 2672 2872 3125 2992; x_wconf 77' lang='lat' dir='ltr'><strong>aggressus</strong></span> <span class='ocrx_word' id='word_1_161' title='bbox 3190 2874 3325 2967; x_wconf 84' lang='lat' dir='ltr'><strong>est.</strong></span> <span class='ocrx_word' id='word_1_162' title='bbox 3387 2882 3831 2998; x_wconf 78' lang='lat' dir='ltr'><strong>Putabam,</strong></span> <span class='ocrx_word' id='word_1_163' title='bbox 3924 2910 4173 2996; x_wconf 88' lang='lat' dir='ltr'><strong>quum</strong></span> <span class='ocrx_word' id='word_1_164' title='bbox 4230 2914 4433 2975; x_wconf 73' lang='lat' dir='ltr'><strong>nar-</strong></span> <span class='ocrx_word' id='word_1_165' title='bbox 4548 2954 4559 2963; x_wconf 71' lang='grc'>,</span> 
     </span>
    </p>
   </div>
   <div class='ocr_carea' id='block_1_7' title="bbox 893 3024 4431 3451">
    <p class='ocr_par' dir='ltr' id='par_1_7' title="bbox 893 3024 4431 3451">
     <span class='ocr_line' id='line_1_18' title="bbox 899 3024 4429 3153; baseline 0.002 -36"><span class='ocrx_word' id='word_1_166' title='bbox 899 3036 1248 3119; x_wconf 87' lang='lat' dir='ltr'><strong>rationis</strong></span> <span class='ocrx_word' id='word_1_167' title='bbox 1309 3035 1613 3117; x_wconf 88' lang='lat' dir='ltr'><strong>initium</strong></span> <span class='ocrx_word' id='word_1_168' title='bbox 1671 3033 2076 3149; x_wconf 84' lang='lat' dir='ltr'><strong>legerem,</strong></span> <span class='ocrx_word' id='word_1_169' title='bbox 2133 3055 2300 3117; x_wconf 88' lang='lat' dir='ltr'><strong>non</strong></span> <span class='ocrx_word' id='word_1_170' title='bbox 2361 3032 2512 3145; x_wconf 81' lang='lat' dir='ltr'><strong>agi</strong></span> <span class='ocrx_word' id='word_1_171' title='bbox 2574 3024 2715 3115; x_wconf 80' lang='lat' dir='ltr'><strong>nili</strong></span> <span class='ocrx_word' id='word_1_172' title='bbox 2752 3031 2881 3115; x_wconf 89' lang='lat' dir='ltr'><strong>de</strong></span> <span class='ocrx_word' id='word_1_173' title='bbox 2942 3035 3275 3145; x_wconf 80' lang='lat' dir='ltr'><strong>egenis,</strong></span> <span class='ocrx_word' id='word_1_174' title='bbox 3338 3055 3684 3146; x_wconf 85' lang='lat' dir='ltr'><strong>quorum</strong></span> <span class='ocrx_word' id='word_1_175' title='bbox 3740 3038 3967 3121; x_wconf 85' lang='lat' dir='ltr'><strong>haud</strong></span> <span class='ocrx_word' id='word_1_176' title='bbox 4028 3042 4429 3153; x_wconf 80' lang='lat' dir='ltr'><strong>exiguum</strong></span> 
     </span>
     <span class='ocr_line' id='line_1_19' title="bbox 893 3158 4431 3297; baseline 0.002 -24"><span class='ocrx_word' id='word_1_177' title='bbox 893 3158 1322 3273; x_wconf 81' lang='lat' dir='ltr'><strong>numerum</strong></span> <span class='ocrx_word' id='word_1_178' title='bbox 1363 3188 1448 3272; x_wconf 87' lang='lat' dir='ltr'><strong>in</strong></span> <span class='ocrx_word' id='word_1_179' title='bbox 1487 3178 1754 3273; x_wconf 75' lang='lat' dir='ltr'><strong>nostra</strong></span> <span class='ocrx_word' id='word_1_180' title='bbox 1799 3206 2128 3296; x_wconf 87' lang='lat' dir='ltr'><strong>quoque</strong></span> <span class='ocrx_word' id='word_1_181' title='bbox 2185 3184 2397 3269; x_wconf 88' lang='lat' dir='ltr'><strong>urbe</strong></span> <span class='ocrx_word' id='word_1_182' title='bbox 2459 3186 2837 3295; x_wconf 75' lang='lat' dir='ltr'><strong>inveniri,</strong></span> <span class='ocrx_word' id='word_1_183' title='bbox 2894 3190 3121 3267; x_wconf 81' lang='lat' dir='ltr'><strong>tanto</strong></span> <span class='ocrx_word' id='word_1_184' title='bbox 3180 3189 3447 3271; x_wconf 89' lang='lat' dir='ltr'><strong>minus</strong></span> <span class='ocrx_word' id='word_1_185' title='bbox 3508 3190 3898 3274; x_wconf 84' lang='lat' dir='ltr'><strong>convenit</strong></span> <span class='ocrx_word' id='word_1_186' title='bbox 3937 3189 4431 3297; x_wconf 76' lang='lat' dir='ltr'><strong>prudentiae</strong></span> 
     </span>
     <span class='ocr_line' id='line_1_20' title="bbox 893 3330 4431 3451; baseline 0.002 -28"><span class='ocrx_word' id='word_1_187' title='bbox 893 3338 1196 3451; x_wconf 82' lang='lat' dir='ltr'><strong>celare,</strong></span> <span class='ocrx_word' id='word_1_188' title='bbox 1241 3345 1544 3450; x_wconf 84' lang='lat' dir='ltr'><strong>quanto</strong></span> <span class='ocrx_word' id='word_1_189' title='bbox 1601 3334 2026 3424; x_wconf 84' lang='lat' dir='ltr'><strong>efficacius</strong></span> <span class='ocrx_word' id='word_1_190' title='bbox 2071 3334 2399 3447; x_wconf 88' lang='lat' dir='ltr'><strong>publica</strong></span> <span class='ocrx_word' id='word_1_191' title='bbox 2436 3336 2907 3445; x_wconf 74' lang='lat' dir='ltr'><strong>liberalitas,</strong></span> <span class='ocrx_word' id='word_1_192' title='bbox 2964 3330 3413 3429; x_wconf 73' lang='lat' dir='ltr'><strong>ceffiffimae</strong></span> <span class='ocrx_word' id='word_1_193' title='bbox 3454 3338 3663 3422; x_wconf 77' lang='lat' dir='ltr'><strong>adeo</strong></span> <span class='ocrx_word' id='word_1_194' title='bbox 3700 3338 4117 3451; x_wconf 85' lang='lat' dir='ltr'><strong>Principis</strong></span> <span class='ocrx_word' id='word_1_195' title='bbox 4154 3339 4431 3431; x_wconf 75' lang='lat' dir='ltr'><strong>illustri</strong></span> 
     </span>
    </p>
   </div>
   <div class='ocr_carea' id='block_1_8' title="bbox 895 3482 4481 3603">
    <p class='ocr_par' dir='ltr' id='par_1_8' title="bbox 895 3482 4481 3603">
     <span class='ocr_line' id='line_1_21' title="bbox 895 3482 4481 3603; baseline 0.001 -25"><span class='ocrx_word' id='word_1_196' title='bbox 895 3492 1272 3602; x_wconf 88' lang='lat' dir='ltr'><strong>exemplo</strong></span> <span class='ocrx_word' id='word_1_197' title='bbox 1338 3494 1739 3603; x_wconf 83' lang='lat' dir='ltr'><strong>excitata,</strong></span> <span class='ocrx_word' id='word_1_198' title='bbox 1818 3495 2120 3575; x_wconf 87' lang='lat' dir='ltr'><strong>civium</strong></span> <span class='ocrx_word' id='word_1_199' title='bbox 2186 3491 2513 3598; x_wconf 88' lang='lat' dir='ltr'><strong>inopiae</strong></span> <span class='ocrx_word' id='word_1_200' title='bbox 2574 3482 3021 3596; x_wconf 81' lang='lat' dir='ltr'><strong>prospexit.</strong></span> <span class='ocrx_word' id='word_1_201' title='bbox 3142 3485 3323 3573; x_wconf 85' lang='lat' dir='ltr'><strong>Sed</strong></span> <span class='ocrx_word' id='word_1_202' title='bbox 3402 3490 3537 3575; x_wconf 89' lang='lat' dir='ltr'><strong>ille</strong></span> <span class='ocrx_word' id='word_1_203' title='bbox 3556 3550 3581 3601; x_wconf 74' lang='lat'><strong>⁷</strong></span> <span class='ocrx_word' id='word_1_204' title='bbox 3663 3516 3887 3603; x_wconf 86' lang='lat' dir='ltr'><strong>quae</strong></span> <span class='ocrx_word' id='word_1_205' title='bbox 3961 3490 4267 3583; x_wconf 81' lang='lat' dir='ltr'><strong>nonnifi</strong></span> <span class='ocrx_word' id='word_1_206' title='bbox 4342 3498 4481 3581; x_wconf 79' lang='lat' dir='ltr'><strong>in&#39;</strong></span> 
     </span>
    </p>
   </div>
   <div class='ocr_carea' id='block_1_9' title="bbox 884 3638 4440 4673">
    <p class='ocr_par' dir='ltr' id='par_1_9' title="bbox 884 3638 4440 4673">
     <span class='ocr_line' id='line_1_22' title="bbox 884 3638 4425 3759; baseline 0.002 -32"><span class='ocrx_word' id='word_1_207' title='bbox 884 3666 1036 3727; x_wconf 88' lang='lat' dir='ltr'><strong>eos</strong></span> <span class='ocrx_word' id='word_1_208' title='bbox 1102 3644 1408 3729; x_wconf 86' lang='lat' dir='ltr'><strong>cadunt</strong></span> <span class='ocrx_word' id='word_1_209' title='bbox 1423 3702 1450 3755; x_wconf 77' lang='grc'><strong>,</strong></span> <span class='ocrx_word' id='word_1_210' title='bbox 1512 3646 1654 3755; x_wconf 87' lang='lat' dir='ltr'><strong>qui</strong></span> <span class='ocrx_word' id='word_1_211' title='bbox 1716 3638 2169 3759; x_wconf 80' lang='lat' dir='ltr'><strong>egestatem</strong></span> <span class='ocrx_word' id='word_1_212' title='bbox 2233 3640 2494 3725; x_wconf 83' lang='lat' dir='ltr'><strong>labori</strong></span> <span class='ocrx_word' id='word_1_213' title='bbox 2570 3661 3097 3749; x_wconf 79' lang='lat' dir='ltr'><strong>praeponere</strong></span> <span class='ocrx_word' id='word_1_214' title='bbox 3176 3640 3371 3728; x_wconf 89' lang='lat' dir='ltr'><strong>inde</strong></span> <span class='ocrx_word' id='word_1_215' title='bbox 3438 3668 3491 3726; x_wconf 89' lang='lat' dir='ltr'><strong>a</strong></span> <span class='ocrx_word' id='word_1_216' title='bbox 3547 3648 3907 3752; x_wconf 80' lang='lat' dir='ltr'><strong>pueritia</strong></span> <span class='ocrx_word' id='word_1_217' title='bbox 3966 3642 4425 3735; x_wconf 79' lang='lat' dir='ltr'><strong>consueve-</strong></span> 
     </span>
     <span class='ocr_line' id='line_1_23' title="bbox 887 3788 4429 3909; baseline 0.003 -31"><span class='ocrx_word' id='word_1_218' title='bbox 887 3804 1125 3904; x_wconf 81' lang='lat' dir='ltr'><strong>runt,</strong></span> <span class='ocrx_word' id='word_1_219' title='bbox 1255 3792 1538 3893; x_wconf 83' lang='lat' dir='ltr'><strong>rursus</strong></span> <span class='ocrx_word' id='word_1_220' title='bbox 1622 3795 1727 3881; x_wconf 85' lang='lat' dir='ltr'><strong>ad</strong></span> <span class='ocrx_word' id='word_1_221' title='bbox 1786 3818 2070 3881; x_wconf 89' lang='lat' dir='ltr'><strong>omnes</strong></span> <span class='ocrx_word' id='word_1_222' title='bbox 2131 3792 2366 3879; x_wconf 84' lang='lat' dir='ltr'><strong>urbis</strong></span> <span class='ocrx_word' id='word_1_223' title='bbox 2426 3790 2741 3877; x_wconf 85' lang='lat' dir='ltr'><strong>incolas</strong></span> <span class='ocrx_word' id='word_1_224' title='bbox 2800 3788 3245 3906; x_wconf 77' lang='lat' dir='ltr'><strong>transfert,</strong></span> <span class='ocrx_word' id='word_1_225' title='bbox 3366 3803 3881 3905; x_wconf 86' lang='lat' dir='ltr'><strong>cunctosque</strong></span> <span class='ocrx_word' id='word_1_226' title='bbox 3962 3818 4127 3883; x_wconf 88' lang='lat' dir='ltr'><strong>uno</strong></span> <span class='ocrx_word' id='word_1_227' title='bbox 4206 3794 4429 3909; x_wconf 74' lang='lat' dir='ltr'><strong>quasi</strong></span> 
     </span>
     <span class='ocr_line' id='line_1_24' title="bbox 891 3946 4425 4070; baseline -0.001 -37"><span class='ocrx_word' id='word_1_228' title='bbox 891 3946 1212 4033; x_wconf 86' lang='lat' dir='ltr'><strong>modulo</strong></span> <span class='ocrx_word' id='word_1_229' title='bbox 1273 3949 1622 4032; x_wconf 87' lang='lat' dir='ltr'><strong>metitur.</strong></span> <span class='ocrx_word' id='word_1_230' title='bbox 1727 3948 2194 4057; x_wconf 76' lang='lat' dir='ltr'><strong>Torporem</strong></span> <span class='ocrx_word' id='word_1_231' title='bbox 2250 3948 2356 4029; x_wconf 89' lang='lat' dir='ltr'><strong>iis</strong></span> <span class='ocrx_word' id='word_1_232' title='bbox 2423 3946 2697 4029; x_wconf 89' lang='lat' dir='ltr'><strong>obiicit</strong></span> <span class='ocrx_word' id='word_1_233' title='bbox 2759 3950 2847 4030; x_wconf 91' lang='lat' dir='ltr'><strong>et</strong></span> <span class='ocrx_word' id='word_1_234' title='bbox 2908 3947 3323 4057; x_wconf 78' lang='lat' dir='ltr'><strong>pigritiam</strong></span> <span class='ocrx_word' id='word_1_235' title='bbox 3342 4004 3369 4057; x_wconf 78' lang='lat'>,</span> <span class='ocrx_word' id='word_1_236' title='bbox 3448 3948 3757 4055; x_wconf 85' lang='lat' dir='ltr'><strong>quippe</strong></span> <span class='ocrx_word' id='word_1_237' title='bbox 3816 3951 3965 4061; x_wconf 83' lang='lat' dir='ltr'><strong>qui</strong></span> <span class='ocrx_word' id='word_1_238' title='bbox 4020 3951 4425 4070; x_wconf 77' lang='lat' dir='ltr'><strong>ignorare</strong></span> 
     </span>
     <span class='ocr_line' id='line_1_25' title="bbox 886 4094 4423 4215; baseline 0.001 -30"><span class='ocrx_word' id='word_1_239' title='bbox 886 4098 1330 4186; x_wconf 83' lang='lat' dir='ltr'><strong>videantur</strong></span> <span class='ocrx_word' id='word_1_240' title='bbox 1349 4160 1376 4213; x_wconf 70' lang='lat'>⁷</span> <span class='ocrx_word' id='word_1_241' title='bbox 1430 4123 1676 4211; x_wconf 89' lang='lat' dir='ltr'><strong>quae</strong></span> <span class='ocrx_word' id='word_1_242' title='bbox 1740 4096 1829 4188; x_wconf 79' lang='lat' dir='ltr'><strong>fit</strong></span> <span class='ocrx_word' id='word_1_243' title='bbox 1887 4101 2149 4215; x_wconf 82' lang='lat' dir='ltr'><strong>digna</strong></span> <span class='ocrx_word' id='word_1_244' title='bbox 2205 4099 2366 4183; x_wconf 90' lang='lat' dir='ltr'><strong>hoc</strong></span> <span class='ocrx_word' id='word_1_245' title='bbox 2444 4100 2771 4183; x_wconf 85' lang='lat' dir='ltr'><strong>nomine</strong></span> <span class='ocrx_word' id='word_1_246' title='bbox 2846 4098 3283 4209; x_wconf 83' lang='lat' dir='ltr'><strong>gnavitas.·</strong></span> <span class='ocrx_word' id='word_1_247' title='bbox 3374 4094 3617 4199; x_wconf 83' lang='lat' dir='ltr'><strong>Quod</strong></span> <span class='ocrx_word' id='word_1_248' title='bbox 3672 4122 3783 4185; x_wconf 85' lang='lat' dir='ltr'><strong>ne</strong></span> <span class='ocrx_word' id='word_1_249' title='bbox 3842 4100 4259 4189; x_wconf 72' lang='lat' dir='ltr'><strong>dumtaxat</strong></span> <span class='ocrx_word' id='word_1_250' title='bbox 4318 4104 4423 4187; x_wconf 88' lang='lat' dir='ltr'><strong>de</strong></span> 
     </span>
     <span class='ocr_line' id='line_1_26' title="bbox 899 4244 4415 4395; baseline 0.001 -58"><span class='ocrx_word' id='word_1_251' title='bbox 899 4256 1209 4367; x_wconf 79' lang='lat' dir='ltr'><strong>egenis</strong></span> <span class='ocrx_word' id='word_1_252' title='bbox 1271 4263 1358 4341; x_wconf 87' lang='lat' dir='ltr'><strong>et</strong></span> <span class='ocrx_word' id='word_1_253' title='bbox 1415 4256 2058 4341; x_wconf 85' lang='lat' dir='ltr'><strong>mendicantibus</strong></span> <span class='ocrx_word' id='word_1_254' title='bbox 2129 4251 2683 4395; x_wconf 81' lang='lat' dir='ltr'><strong>intelligamus</strong></span> <span class='ocrx_word' id='word_1_255' title='bbox 2702 4308 2729 4363; x_wconf 73' lang='lat'><em>7</em></span> <span class='ocrx_word' id='word_1_256' title='bbox 2824 4244 3077 4334; x_wconf 79' lang='lat' dir='ltr'><strong>obstat</strong></span> <span class='ocrx_word' id='word_1_257' title='bbox 3134 4250 3453 4335; x_wconf 85' lang='lat' dir='ltr'><strong>adiecta</strong></span> <span class='ocrx_word' id='word_1_258' title='bbox 3508 4254 3809 4337; x_wconf 87' lang='lat' dir='ltr'><strong>mentio</strong></span> <span class='ocrx_word' id='word_1_259' title='bbox 3864 4260 4415 4349; x_wconf 77' lang='lat' dir='ltr'><strong>mercaturae,</strong></span> 
     </span>
     <span class='ocr_line' id='line_1_27' title="bbox 889 4394 4440 4518; baseline 0.002 -30"><span class='ocrx_word' id='word_1_260' title='bbox 889 4428 1130 4515; x_wconf 88' lang='lat' dir='ltr'><strong>quam</strong></span> <span class='ocrx_word' id='word_1_261' title='bbox 1193 4407 1412 4517; x_wconf 84' lang='lat' dir='ltr'><strong>apud</strong></span> <span class='ocrx_word' id='word_1_262' title='bbox 1489 4432 1648 4493; x_wconf 87' lang='lat' dir='ltr'><strong>nos</strong></span> <span class='ocrx_word' id='word_1_263' title='bbox 1737 4410 1885 4491; x_wconf 86' lang='lat' dir='ltr'><strong>vix·</strong></span> <span class='ocrx_word' id='word_1_264' title='bbox 1967 4410 2417 4491; x_wconf 85' lang='lat' dir='ltr'><strong>memoratu</strong></span> <span class='ocrx_word' id='word_1_265' title='bbox 2494 4402 2837 4518; x_wconf 81' lang='lat' dir='ltr'><strong>dignam</strong></span> <span class='ocrx_word' id='word_1_266' title='bbox 2914 4394 3081 4485; x_wconf 80' lang='lat' dir='ltr'><strong>effe</strong></span> <span class='ocrx_word' id='word_1_267' title='bbox 3149 4404 3679 4517; x_wconf 82' lang='lat' dir='ltr'><strong>pronunciat3</strong></span> <span class='ocrx_word' id='word_1_268' title='bbox 3760 4398 4008 4490; x_wconf 84' lang='lat' dir='ltr'><strong>obstat</strong></span> <span class='ocrx_word' id='word_1_269' title='bbox 4065 4428 4440 4494; x_wconf 82' lang='lat' dir='ltr'><strong>comme--</strong></span> 
     </span>
     <span class='ocr_line' id='line_1_28' title="bbox 885 4546 4415 4673; baseline 0 -32"><span class='ocrx_word' id='word_1_270' title='bbox 885 4562 1236 4643; x_wconf 87' lang='lat' dir='ltr'><strong>moratio</strong></span> <span class='ocrx_word' id='word_1_271' title='bbox 1291 4546 1694 4647; x_wconf 73' lang='lat' dir='ltr'><strong>h’ominum</strong></span> <span class='ocrx_word' id='word_1_272' title='bbox 1729 4619 1756 4671; x_wconf 78' lang='lat'>,</span> <span class='ocrx_word' id='word_1_273' title='bbox 1835 4561 1986 4670; x_wconf 77' lang='lat' dir='ltr'><strong>qui</strong></span> <span class='ocrx_word' id='word_1_274' title='bbox 2055 4580 2222 4643; x_wconf 89' lang='lat' dir='ltr'><strong>non</strong></span> <span class='ocrx_word' id='word_1_275' title='bbox 2279 4550 2423 4668; x_wconf 64' lang='lat' dir='ltr'><strong>niti</strong></span> <span class='ocrx_word' id='word_1_276' title='bbox 2486 4577 2599 4639; x_wconf 86' lang='lat' dir='ltr'><strong>ex</strong></span> <span class='ocrx_word' id='word_1_277' title='bbox 2662 4576 2766 4637; x_wconf 92' lang='lat' dir='ltr'><strong>eo</strong></span> <span class='ocrx_word' id='word_1_278' title='bbox 2850 4554 3179 4667; x_wconf 80' lang='lat' dir='ltr'><strong>vivant,</strong></span> <span class='ocrx_word' id='word_1_279' title='bbox 3260 4554 3481 4673; x_wconf 85' lang='lat' dir='ltr'><strong>quod</strong></span> <span class='ocrx_word' id='word_1_280' title='bbox 3558 4554 4007 4641; x_wconf 86' lang='lat' dir='ltr'><strong>litterarum</strong></span> <span class='ocrx_word' id='word_1_281' title='bbox 4064 4551 4415 4642; x_wconf 76' lang='lat' dir='ltr'><strong>studiofis</strong></span> 
     </span>
    </p>
   </div>
   <div class='ocr_carea' id='block_1_10' title="bbox 885 4683 4505 4844">
    <p class='ocr_par' dir='ltr' id='par_1_10' title="bbox 885 4683 4505 4844">
     <span class='ocr_line' id='line_1_29' title="bbox 885 4683 4505 4844; baseline -0.001 -50"><span class='ocrx_word' id='word_1_282' title='bbox 885 4732 1056 4823; x_wconf 71' lang='lat' dir='ltr'><strong>reS‚</strong></span> <span class='ocrx_word' id='word_1_283' title='bbox 1122 4734 1346 4826; x_wconf 86' lang='lat' dir='ltr'><strong>quae</strong></span> <span class='ocrx_word' id='word_1_284' title='bbox 1406 4714 1510 4802; x_wconf 84' lang='lat' dir='ltr'><strong>ab</strong></span> <span class='ocrx_word' id='word_1_285' title='bbox 1569 4715 1674 4801; x_wconf 86' lang='lat' dir='ltr'><strong>iis</strong></span> <span class='ocrx_word' id='word_1_286' title='bbox 1737 4706 2315 4844; x_wconf 76' lang='lat' dir='ltr'><strong>desiderentur,</strong></span> <span class='ocrx_word' id='word_1_287' title='bbox 2372 4712 2851 4823; x_wconf 77' lang='lat' dir='ltr'><strong>comparent</strong></span> <span class='ocrx_word' id='word_1_288' title='bbox 2866 4730 2911 4821; x_wconf 73' lang='lat' dir='ltr'><strong>‘r</strong></span> <span class='ocrx_word' id='word_1_289' title='bbox 2956 4701 3210 4797; x_wconf 76' lang='lat' dir='ltr'><strong>obstat</strong></span> <span class='ocrx_word' id='word_1_290' title='bbox 3226 4765 3253 4820; x_wconf 84' lang='lat'>,</span> <span class='ocrx_word' id='word_1_291' title='bbox 3340 4706 3561 4817; x_wconf 89' lang='lat' dir='ltr'><strong>quod</strong></span> <span class='ocrx_word' id='word_1_292' title='bbox 3620 4705 3959 4827; x_wconf 86' lang='lat' dir='ltr'><strong>opifices</strong></span> <span class='ocrx_word' id='word_1_293' title='bbox 4038 4694 4421 4824; x_wconf 74' lang='lat' dir='ltr'><strong>negavit,</strong></span> <span class='ocrx_word' id='word_1_294' title='bbox 4498 4683 4505 4692; x_wconf 74' lang='grc'><strong><em>’</em></strong></span> 
     </span>
    </p>
   </div>
   <div class='ocr_carea' id='block_1_11' title="bbox 1781 5146 1848 5181">
    <p class='ocr_par' dir='ltr' id='par_1_11' title="bbox 1781 5146 1848 5181">
     <span class='ocr_line' id='line_1_30' title="bbox 1781 5146 1848 5181; baseline 0 -11"><span class='ocrx_word' id='word_1_295' title='bbox 1781 5146 1848 5181; x_wconf 49' lang='lat'><strong>⁴</strong></span> 
     </span>
    </p>
   </div>
   <div class='ocr_carea' id='block_1_12' title="bbox 4732 573 4736 658">
    <p class='ocr_par' dir='ltr' id='par_1_12' title="bbox 4732 573 4736 734">
     <span class='ocr_line' id='line_1_31' title="bbox 4732 573 4736 658; baseline 0 68"><span class='ocrx_word' id='word_1_296' title='bbox 4732 573 4736 658; x_wconf 67' lang='lat'><strong>⁴</strong></span> 
     </span>
    </p>
   </div>
  </div>
 </body>
</html>
